%% This BibTeX bibliography file was created using BibDesk.
%% http://bibdesk.sourceforge.net/

%% Created for Douglas Mason at 2021-08-10 10:44:55 -0700 


%% Saved with string encoding Unicode (UTF-8) 

@url{KoyoteScience,
Url = {https://github.com/KoyoteScience/BayesianLinearRegressor}
}
@article{MacKay99,
 KEY            ="MacKay",
 AUTHOR         ="D. J. C.  MacKay",
 TITLE          ="Comparison of Approximate Methods for Handling Hyperparameters",
 YEAR           ="1999",
volume={11}, 
number={5},
pages={1035-1068},
journal={Neural Computation},
 abstractURL="http://www.inference.org.uk/mackay/abstracts/alpha.html",
 postscriptURL="http://www.inference.org.uk/mackay/alpha.ps.Z",
 ANNOTE ="Date submitted: 1994/1996/1997; Date accepted: October 1998; Collaborating institutes: none"
}
@book{bishop,
	Address = {Berlin, Heidelberg},
	Author = {Bishop, Christopher M.},
	Date-Added = {2021-08-10 10:36:53 -0700},
	Date-Modified = {2021-08-10 10:40:34 -0700},
	Isbn = {0387310738},
	Publisher = {Springer-Verlag},
	Title = {Pattern Recognition and Machine Learning (Information Science and Statistics)},
	Year = {2006}}

@book{rasmussen,
	Address = {Cambridge, MA, USA},
	Author = {Rasmussen, CE. and Williams, CKI.},
	Date-Added = {2021-08-10 10:36:13 -0700},
	Date-Modified = {2021-08-10 10:44:36 -0700},
	Month = jan,
	Month_Numeric = {1},
	Organization = {Max-Planck-Gesellschaft},
	Pages = {248},
	Publisher = {MIT Press},
	School = {Biologische Kybernetik},
	Series = {Adaptive Computation and Machine Learning},
	Title = {Gaussian Processes for Machine Learning},
	Year = {2006}}

@book{murphy,
	Added-At = {2017-02-27T11:22:42.000+0100},
	Address = {Cambridge, Mass. [u.a.]},
	Author = {Murphy, Kevin P.},
	Biburl = {https://www.bibsonomy.org/bibtex/270148d65a6a66e0ae962bf22c5f66148/hotho},
	Date-Added = {2021-08-10 10:35:49 -0700},
	Date-Modified = {2021-08-10 10:44:53 -0700},
	Description = {Machine Learning: A Probabilistic Perspective (Adaptive Computation and Machine Learning series): Kevin P. Murphy: 9780262018029: Amazon.com: Books},
	Interhash = {e99d8a06cc36507b05c38192ab80573e},
	Intrahash = {70148d65a6a66e0ae962bf22c5f66148},
	Isbn = {9780262018029 0262018020},
	Keywords = {hmm lda learning machine statistics},
	Publisher = {MIT Press},
	Refid = {904442949},
	Timestamp = {2017-02-27T11:22:42.000+0100},
	Title = {Machine learning : a probabilistic perspective},
	Year = 2013,
	Bdsk-Url-1 = {https://www.amazon.com/Machine-Learning-Probabilistic-Perspective-Computation/dp/0262018020/ref=sr_1_2?ie=UTF8&qid=1336857747&sr=8-2}}
